<record><leader>00000cas a22000007a 4500</leader><controlfield tag="001">37488837</controlfield><controlfield tag="008">970818d1910191uokudn n       0    0eng d</controlfield><datafield ind1=" " ind2=" " tag="010"><subfield code="a">sn 97070195 </subfield></datafield><datafield ind1=" " ind2=" " tag="040"><subfield code="a">OBN</subfield><subfield code="b">eng</subfield><subfield code="c">OBN</subfield><subfield code="d">OCLCQ</subfield><subfield code="d">OCLCF</subfield><subfield code="d">OCLCO</subfield></datafield><datafield ind1="1" ind2=" " tag="029"><subfield code="a">AU@</subfield><subfield code="b">000013435017</subfield></datafield><datafield ind1=" " ind2=" " tag="042"><subfield code="a">msc</subfield></datafield><datafield ind1=" " ind2=" " tag="043"><subfield code="a">n-us-ok</subfield></datafield><datafield ind1="0" ind2="0" tag="245"><subfield code="a">Pauls Valley daily free lance.</subfield></datafield><datafield ind1=" " ind2=" " tag="260"><subfield code="a">Pauls Valley, Okla. :</subfield><subfield code="b">Byron Hawkins</subfield></datafield><datafield ind1=" " ind2=" " tag="300"><subfield code="a">v.</subfield></datafield><datafield ind1=" " ind2=" " tag="310"><subfield code="a">Daily (except Sun.)</subfield></datafield><datafield ind1="1" ind2=" " tag="362"><subfield code="a">Began in 1910.</subfield></datafield><datafield ind1=" " ind2=" " tag="588"><subfield code="a">Description based on: Vol. 1, no. 274 (Aug. 28, 1911).</subfield></datafield><datafield ind1=" " ind2="0" tag="651"><subfield code="a">Pauls Valley (Okla.)</subfield><subfield code="v">Newspapers.</subfield></datafield><datafield ind1=" " ind2="0" tag="651"><subfield code="a">Garvin County (Okla.)</subfield><subfield code="v">Newspapers.</subfield></datafield><datafield ind1=" " ind2="7" tag="655"><subfield code="a">Newspapers.</subfield><subfield code="2">fast</subfield><subfield code="0">(OCoLC)fst01423814</subfield></datafield><datafield ind1=" " ind2="7" tag="651"><subfield code="a">Oklahoma</subfield><subfield code="z">Garvin County.</subfield><subfield code="2">fast</subfield><subfield code="0">(OCoLC)fst01219311</subfield></datafield><datafield ind1=" " ind2="7" tag="651"><subfield code="a">Oklahoma</subfield><subfield code="z">Pauls Valley.</subfield><subfield code="2">fast</subfield><subfield code="0">(OCoLC)fst01221400</subfield></datafield><datafield ind1=" " ind2=" " tag="752"><subfield code="a">United States</subfield><subfield code="b">Oklahoma</subfield><subfield code="c">Garvin</subfield><subfield code="d">Pauls Valley.</subfield></datafield><datafield ind1="0" ind2="0" tag="780"><subfield code="t">Pauls Valley weekly free lance</subfield><subfield code="w">(DLC)sn 97070194</subfield><subfield code="w">(OCoLC)37488824</subfield></datafield></record>